<?xml version="1.0" encoding="UTF-8"?><collection xmlns="http://www.loc.gov/MARC21/slim"><record><leader>00354nam--2200133-i-4500</leader><controlfield tag="001">000033024</controlfield><controlfield tag="002">20161230</controlfield><controlfield tag="005">20161230201039</controlfield><controlfield tag="008">060222s1000------------r-----000-0-eng-d</controlfield><datafield ind1=" " ind2=" " tag="080"><subfield code="a">621.317.39:621.396</subfield></datafield><datafield ind1=" " ind2=" " tag="100"><subfield code="a">Mihlin, B.Z</subfield></datafield><datafield ind1=" " ind2=" " tag="245"><subfield code="a">Traductoare capacitive si inductive de inalta frecventa</subfield></datafield><datafield ind1=" " ind2=" " tag="260"><subfield code="a">Bucuresti, Ed.Tehnica, 1962. 79p</subfield></datafield><datafield ind1=" " ind2=" " tag="852"><subfield code="a">8066</subfield></datafield></record></collection>